@book{SuttonBook,
 author = {Richard S. Sutton, Andrew G.Barto},
 title = {Introduction to Reinforcement Learning},
 year = {1998},
 isbn = {0262193981},
 edition = {1st},
 publisher = {MIT Press},
 address = {Cambridge, MA, USA},
 note = {\url{https://sites.ualberta.ca/~szepesva/RLBook.html}}
}
	
@book{RLAlgs,
 author = {Szepesvari, Csaba},
 title = {Algorithms for Reinforcement Learning},
 year = {2010},
 isbn = {1608454924, 9781608454921},
 publisher = {Morgan and Claypool Publishers},
 note = {\url{https://sites.ualberta.ca/~szepesva/papers/RLAlgsInMDPs-lecture.pdf}}
}

@misc{DeepRLCourse,
  author        = {Sergey Levine, Chelsea Finn, John Schulman},
  title         = {CS 294: Deep Reinforcement Learning},
  publisher={University of California, Berkeley},
  note = {\url{http://rll.berkeley.edu/deeprlcourse/}}
}

@misc{RLUdacity,
  author        = {Charles Isbell, Michael Littman},
  title         = {Reinforcement Learning on Udacity},
  note = {\url{https://www.udacity.com/course/reinforcement-learning--ud600}}
}

@misc{openAI,
  title = {openAI website},
  key = {openAI},
  note = {\url{https://openai.com/}}
}

@article{gym,
  author    = {Greg Brockman and
               Vicki Cheung and
               Ludwig Pettersson and
               Jonas Schneider and
               John Schulman and
               Jie Tang and
               Wojciech Zaremba},
  title     = {OpenAI Gym},
  journal   = {CoRR},
  volume    = {abs/1606.01540},
  year      = {2016},
  url       = {http://arxiv.org/abs/1606.01540},
  timestamp = {Wed, 07 Jun 2017 14:41:24 +0200},
  biburl    = {http://dblp.uni-trier.de/rec/bib/journals/corr/BrockmanCPSSTZ16},
  bibsource = {dblp computer science bibliography, http://dblp.org}
}

@misc{universe,
  title = {openAI Universe},
  key ={Universe},
  note = {\url{https://blog.openai.com/universe/}}
}

@misc{universe-starter-agent,
  author = {openAI},
  title = {Universe Starter Agent},
  publisher = {GitHub},
  journal = {GitHub repository},
  note = {\url{https://github.com/openai/universe-starter-agent}}
}

@Article{Watkins1992,
author="Watkins, Christopher J.C.H.
and Dayan, Peter",
title="Technical Note: Q-Learning",
journal="Machine Learning",
year="1992",
volume="8",
number="3",
pages="279--292",
abstract="{\$}{\$}{\backslash}mathcal{\{}Q{\}}{\$}{\$}                -learning (Watkins, 1989) is a simple way for agents to learn how to act optimally in controlled Markovian domains. It amounts to an incremental method for dynamic programming which imposes limited computational demands. It works by successively improving its evaluations of the quality of particular actions at particular states.",
issn="1573-0565",
doi="10.1023/A:1022676722315",
url="http://dx.doi.org/10.1023/A:1022676722315"
}

@article{Tesauro1994,
 author = {Tesauro, Gerald},
 title = {TD-Gammon, a Self-teaching Backgammon Program, Achieves Master-level Play},
 journal = {Neural Comput.},
 issue_date = {March 1994},
 volume = {6},
 number = {2},
 month = mar,
 year = {1994},
 issn = {0899-7667},
 pages = {215--219},
 numpages = {5},
 url = {http://dx.doi.org/10.1162/neco.1994.6.2.215},
 doi = {10.1162/neco.1994.6.2.215},
 acmid = {188107},
 publisher = {MIT Press},
 address = {Cambridge, MA, USA},
} 

@phdthesis{Lin1992,
 author = {Lin, Long-Ji},
 title = {Reinforcement Learning for Robots Using Neural Networks},
 year = {1992},
 school = {Carnegie Mellon University},
 publisher = {Carnegie Mellon University},
 address = {Pittsburgh, PA, USA},
}

@article{a3c,
  author    = {Volodymyr Mnih and
               Adri{\`{a}} Puigdom{\`{e}}nech Badia and
               Mehdi Mirza and
               Alex Graves and
               Timothy P. Lillicrap and
               Tim Harley and
               David Silver and
               Koray Kavukcuoglu},
  title     = {Asynchronous Methods for Deep Reinforcement Learning},
  journal   = {CoRR},
  volume    = {abs/1602.01783},
  year      = {2016},
  url       = {http://arxiv.org/abs/1602.01783},
  timestamp = {Wed, 07 Jun 2017 14:43:09 +0200},
  biburl    = {http://dblp.uni-trier.de/rec/bib/journals/corr/MnihBMGLHSK16},
  bibsource = {dblp computer science bibliography, http://dblp.org}
}

@article{konda2003,
  title={On actor-critic algorithms},
  author={Konda, Vijay R and Tsitsiklis, John N},
  journal={SIAM journal on Control and Optimization},
  volume={42},
  number={4},
  pages={1143--1166},
  year={2003},
  publisher={SIAM}
}

@book{Goodfellow-et-al-2016,
    title={Deep Learning},
    author={Ian Goodfellow and Yoshua Bengio and Aaron Courville},
    publisher={MIT Press},
    note={\url{http://www.deeplearningbook.org}},
    year={2016}
}

@article{pongpixels,
  author    = {Volodymyr Mnih and
               Koray Kavukcuoglu and
               David Silver and
               Alex Graves and
               Ioannis Antonoglou and
               Daan Wierstra and
               Martin A. Riedmiller},
  title     = {Playing Atari with Deep Reinforcement Learning},
  journal   = {CoRR},
  volume    = {abs/1312.5602},
  year      = {2013},
  url       = {http://arxiv.org/abs/1312.5602},
  timestamp = {Wed, 07 Jun 2017 14:43:06 +0200},
  biburl    = {http://dblp.uni-trier.de/rec/bib/journals/corr/MnihKSGAWR13},
  bibsource = {dblp computer science bibliography, http://dblp.org}
}

@article{origin-dl,
  author    = {Haohan Wang and
               Bhiksha Raj and
               Eric P. Xing},
  title     = {On the Origin of Deep Learning},
  journal   = {CoRR},
  volume    = {abs/1702.07800},
  year      = {2017},
  url       = {http://arxiv.org/abs/1702.07800},
  timestamp = {Wed, 07 Jun 2017 14:40:21 +0200},
  biburl    = {http://dblp.uni-trier.de/rec/bib/journals/corr/WangRX17},
  bibsource = {dblp computer science bibliography, http://dblp.org}
}

@article{schulman2015,
  author    = {John Schulman and
               Philipp Moritz and
               Sergey Levine and
               Michael I. Jordan and
               Pieter Abbeel},
  title     = {High-Dimensional Continuous Control Using Generalized Advantage Estimation},
  journal   = {CoRR},
  volume    = {abs/1506.02438},
  year      = {2015},
  url       = {http://arxiv.org/abs/1506.02438},
  timestamp = {Wed, 07 Jun 2017 14:41:00 +0200},
  biburl    = {http://dblp.uni-trier.de/rec/bib/journals/corr/SchulmanMLJA15},
  bibsource = {dblp computer science bibliography, http://dblp.org}
}

@article{tensorflow,
  author    = {Mart{\'{\i}}n Abadi and
               Ashish Agarwal and
               Paul Barham and
               Eugene Brevdo and
               Zhifeng Chen and
               Craig Citro and
               Gregory S. Corrado and
               Andy Davis and
               Jeffrey Dean and
               Matthieu Devin and
               Sanjay Ghemawat and
               Ian J. Goodfellow and
               Andrew Harp and
               Geoffrey Irving and
               Michael Isard and
               Yangqing Jia and
               Rafal J{\'{o}}zefowicz and
               Lukasz Kaiser and
               Manjunath Kudlur and
               Josh Levenberg and
               Dan Man{\'{e}} and
               Rajat Monga and
               Sherry Moore and
               Derek Gordon Murray and
               Chris Olah and
               Mike Schuster and
               Jonathon Shlens and
               Benoit Steiner and
               Ilya Sutskever and
               Kunal Talwar and
               Paul A. Tucker and
               Vincent Vanhoucke and
               Vijay Vasudevan and
               Fernanda B. Vi{\'{e}}gas and
               Oriol Vinyals and
               Pete Warden and
               Martin Wattenberg and
               Martin Wicke and
               Yuan Yu and
               Xiaoqiang Zheng},
  title     = {TensorFlow: Large-Scale Machine Learning on Heterogeneous Distributed
               Systems},
  journal   = {CoRR},
  volume    = {abs/1603.04467},
  year      = {2016},
  url       = {http://arxiv.org/abs/1603.04467},
  timestamp = {Wed, 07 Jun 2017 14:40:20 +0200},
  biburl    = {http://dblp.uni-trier.de/rec/bib/journals/corr/AbadiABBCCCDDDG16},
  bibsource = {dblp computer science bibliography, http://dblp.org}
}